<record xmlns="http://www.loc.gov/MARC21/slim" xmlns:xsi="http://www.w3.org/2001/XMLSchema-instance" xsi:schemaLocation="http://www.loc.gov/MARC21/slim http://www.loc.gov/standards/marcxml/schema/MARC21slim.xsd">

  <leader>00555nam a2200181Ia 4500</leader>
  <datafield ind2=" " ind1=" " tag="999">
    <subfield code="c">2031</subfield>
    <subfield code="d">2031</subfield>
  </datafield>
  <controlfield tag="008">180716b2003    cr ||||| |||| 00| | spa d</controlfield>
  <datafield tag="090" ind1=" " ind2=" ">
    <subfield code="a">08.03.01  </subfield>
    <subfield code="b"> 652</subfield>
  </datafield>
  <datafield tag="100" ind1="1" ind2=" ">
    <subfield code="a">Mora Vargas, Ana Isabel</subfield>
    <subfield code="9">129</subfield>
  </datafield>
  <datafield ind2="0" ind1="1" tag="245">
    <subfield code="a">Compilación de material didáctico: talleres de autoformación de docentes en servicio /</subfield>
  </datafield>
  <datafield tag="260" ind2=" " ind1=" ">
    <subfield code="a">Cartago, Costa Rica : </subfield>
    <subfield code="b">IIMEC, </subfield>
    <subfield code="c">2003</subfield>
  </datafield>
  <datafield tag="300" ind2=" " ind1=" ">
    <subfield code="a">v.</subfield>
  </datafield>
  <datafield tag="500" ind1=" " ind2=" ">
    <subfield code="a">Contiene Manual para Docentes</subfield>
  </datafield>
  <datafield tag="650" ind2="4" ind1="1">
    <subfield code="a">EDUCACIÓN</subfield>
    <subfield code="9">1</subfield>
  </datafield>
  <datafield tag="650" ind2="4" ind1="1">
    <subfield code="a">TALLERES</subfield>
    <subfield code="9">783</subfield>
  </datafield>
  <datafield ind2="4" ind1="1" tag="650">
    <subfield code="a">DIDÁCTICA </subfield>
    <subfield code="9">997</subfield>
  </datafield>
  <datafield tag="650" ind2="4" ind1="1">
    <subfield code="a">DOCENCIA</subfield>
    <subfield code="9">1841</subfield>
  </datafield>
  <datafield tag="942" ind2=" " ind1=" ">
    <subfield code="2">z</subfield>
    <subfield code="c">04</subfield>
  </datafield>
</record>